<?xml version="1.0" encoding="UTF-8"?><collection xmlns="http://www.loc.gov/MARC21/slim"><record><leader>00390nam--2200145-i-4500</leader><controlfield tag="001">000014737</controlfield><controlfield tag="002">20161230</controlfield><controlfield tag="005">20170224010828</controlfield><controlfield tag="008">060222s1000------------r-----000-0-eng-d</controlfield><datafield ind1=" " ind2=" " tag="100"><subfield code="a">Colerus, Egmont</subfield></datafield><datafield ind1=" " ind2=" " tag="245"><subfield code="a">De la punct la a patra dimensiune. Geometria pentru toti</subfield></datafield><datafield ind1=" " ind2=" " tag="260"><subfield code="a">Bucuresti</subfield><subfield code="b">Editura Stiintifica</subfield><subfield code="c">1967</subfield></datafield><datafield ind1=" " ind2=" " tag="300"><subfield code="a">389 p</subfield></datafield><datafield ind1=" " ind2=" " tag="852"><subfield code="a">514.11</subfield></datafield><datafield ind1=" " ind2=" " tag="CAT"><subfield code="a">SYS</subfield><subfield code="c">20170224</subfield><subfield code="h">010828</subfield></datafield></record></collection>